<?xml version="1.0" encoding="UTF-8"?><record xmlns="http://www.loc.gov/MARC21/slim" xmlns:cinclude="http://apache.org/cocoon/include/1.0" xmlns:zs="http://www.loc.gov/zing/srw/">
  <leader>01222nz  a2200205n  4500</leader>
  <controlfield tag="001">no2013008076</controlfield>
  <controlfield tag="003">DLC</controlfield>
  <controlfield tag="005">20130125075315.0</controlfield>
  <controlfield tag="008">130123n| azannaabn          |a ana     c</controlfield>
  <datafield tag="010" ind1=" " ind2=" ">
    <subfield code="a">no2013008076</subfield>
  </datafield>
  <datafield tag="035" ind1=" " ind2=" ">
    <subfield code="a">(OCoLC)oca09389456</subfield>
  </datafield>
  <datafield tag="040" ind1=" " ind2=" ">
    <subfield code="a">AzTeS</subfield>
    <subfield code="b">eng</subfield>
    <subfield code="e">rda</subfield>
    <subfield code="c">AzTeS</subfield>
  </datafield>
  <datafield tag="110" ind1="2" ind2=" ">
    <subfield code="a">Sonderforschungsbereich 578--"Integration gen- und verfahrenstechnuscher Methoden zur Entwicklung biotechnologischer Prozesse-Vom Gen zum Product"</subfield>
  </datafield>
  <datafield tag="370" ind1=" " ind2=" ">
    <subfield code="c">Germany</subfield>
    <subfield code="e">Braunschweig</subfield>
  </datafield>
  <datafield tag="410" ind1="2" ind2=" ">
    <subfield code="a">SFB 578</subfield>
  </datafield>
  <datafield tag="410" ind1="2" ind2=" ">
    <subfield code="a">Technische UniversitaĚt Braunschweig.</subfield>
    <subfield code="b">Sonderforschungsbereich 578-"Integration gen- und verfahrenstechnuscher Methoden zur Entwicklung biotechnologischer Prozesse-Vom Gen zum Product"</subfield>
  </datafield>
  <datafield tag="410" ind1="2" ind2=" ">
    <subfield code="a">Collaborative Research Center 578</subfield>
  </datafield>
  <datafield tag="410" ind1="2" ind2=" ">
    <subfield code="a">Collaborative Research Center SFB 578</subfield>
  </datafield>
  <datafield tag="670" ind1=" " ind2=" ">
    <subfield code="a">Development of biotechnological processes by integrating genetic and engineering methods, 2012:</subfield>
    <subfield code="b">t.p. (Collaborative Research Center 578) cover (Technische UniversitaĚt Braunschweig ; Collaborative Research Center SFB 578)</subfield>
  </datafield>
  <datafield tag="670" ind1=" " ind2=" ">
    <subfield code="a">Its WWW homepage, Nov. 28, 2012</subfield>
    <subfield code="b">(Sonderforschungsbereich 578 --"Integration gen- und verfahrenstechnuscher Methoden zur Entwicklung biotechnologischer Prozesse-Vom Gen zum Product")</subfield>
  </datafield>
</record>